<?xml version="1.0" encoding="UTF-8"?><record xmlns="http://www.loc.gov/MARC21/slim" xmlns:cinclude="http://apache.org/cocoon/include/1.0" xmlns:zs="http://www.loc.gov/zing/srw/">
  <leader>00531nz  a2200145n  4500</leader>
  <controlfield tag="001">nr2001005870</controlfield>
  <controlfield tag="003">DLC</controlfield>
  <controlfield tag="005">20010222033145.0</controlfield>
  <controlfield tag="008">010221n| acannaabn          |a ana     c</controlfield>
  <datafield tag="010" ind1=" " ind2=" ">
    <subfield code="a">nr2001005870</subfield>
  </datafield>
  <datafield tag="040" ind1=" " ind2=" ">
    <subfield code="a">CtY-BR</subfield>
    <subfield code="b">eng</subfield>
    <subfield code="c">CtY-BR</subfield>
  </datafield>
  <datafield tag="110" ind1="2" ind2=" ">
    <subfield code="a">Avondale Project (U.S.)</subfield>
  </datafield>
  <datafield tag="410" ind1="1" ind2=" ">
    <subfield code="a">United States.</subfield>
    <subfield code="b">Avondale Project</subfield>
  </datafield>
  <datafield tag="410" ind1="1" ind2=" ">
    <subfield code="a">United States.</subfield>
    <subfield code="b">Bureau of Reclamation.</subfield>
    <subfield code="b">Avondale Project</subfield>
  </datafield>
  <datafield tag="670" ind1=" " ind2=" ">
    <subfield code="a">Avondale Project, 1997:</subfield>
    <subfield code="b">p. 2 (Avondale Project, a Bureau of Reclamation project, is located near Coeur d'Alene, Idaho in Kootenai County)</subfield>
  </datafield>
</record>